%YAML 1.1
%TAG !u! tag:unity3d.com,2011:
--- !u!1 &4056967105757596322
GameObject:
  m_ObjectHideFlags: 0
  m_CorrespondingSourceObject: {fileID: 0}
  m_PrefabInstance: {fileID: 0}
  m_PrefabAsset: {fileID: 0}
  serializedVersion: 6
  m_Component:
  - component: {fileID: 4056967105757596332}
  - component: {fileID: 4056967105757596333}
  - component: {fileID: 4056967105757596328}
  - component: {fileID: 4056967105757596329}
  - component: {fileID: 4056967105757596334}
  - component: {fileID: 4056967105757596335}
  m_Layer: 0
  m_Name: TerritoireCentreHaut3
  m_TagString: Territory
  m_Icon: {fileID: 0}
  m_NavMeshLayer: 0
  m_StaticEditorFlags: 0
  m_IsActive: 1
--- !u!4 &4056967105757596332
Transform:
  m_ObjectHideFlags: 0
  m_CorrespondingSourceObject: {fileID: 0}
  m_PrefabInstance: {fileID: 0}
  m_PrefabAsset: {fileID: 0}
  m_GameObject: {fileID: 4056967105757596322}
  m_LocalRotation: {x: 0, y: 0, z: 0, w: 1}
  m_LocalPosition: {x: -0.5547854, y: 1.6775026, z: 0}
  m_LocalScale: {x: 1, y: 1, z: 1}
  m_ConstrainProportionsScale: 0
  m_Children:
  - {fileID: 4056967106507759278}
  m_Father: {fileID: 0}
  m_RootOrder: 0
  m_LocalEulerAnglesHint: {x: 0, y: 0, z: 0}
--- !u!212 &4056967105757596333
SpriteRenderer:
  m_ObjectHideFlags: 0
  m_CorrespondingSourceObject: {fileID: 0}
  m_PrefabInstance: {fileID: 0}
  m_PrefabAsset: {fileID: 0}
  m_GameObject: {fileID: 4056967105757596322}
  m_Enabled: 1
  m_CastShadows: 0
  m_ReceiveShadows: 0
  m_DynamicOccludee: 1
  m_StaticShadowCaster: 0
  m_MotionVectors: 1
  m_LightProbeUsage: 1
  m_ReflectionProbeUsage: 1
  m_RayTracingMode: 0
  m_RayTraceProcedural: 0
  m_RenderingLayerMask: 1
  m_RendererPriority: 0
  m_Materials:
  - {fileID: 10754, guid: 0000000000000000f000000000000000, type: 0}
  m_StaticBatchInfo:
    firstSubMesh: 0
    subMeshCount: 0
  m_StaticBatchRoot: {fileID: 0}
  m_ProbeAnchor: {fileID: 0}
  m_LightProbeVolumeOverride: {fileID: 0}
  m_ScaleInLightmap: 1
  m_ReceiveGI: 1
  m_PreserveUVs: 0
  m_IgnoreNormalsForChartDetection: 0
  m_ImportantGI: 0
  m_StitchLightmapSeams: 1
  m_SelectedEditorRenderState: 0
  m_MinimumChartSize: 4
  m_AutoUVMaxDistance: 0.5
  m_AutoUVMaxAngle: 89
  m_LightmapParameters: {fileID: 0}
  m_SortingLayerID: 0
  m_SortingLayer: 0
  m_SortingOrder: 1
  m_Sprite: {fileID: 21300000, guid: 8bc303ac7f712034183cb4993817dac2, type: 3}
  m_Color: {r: 1, g: 1, b: 1, a: 1}
  m_FlipX: 0
  m_FlipY: 0
  m_DrawMode: 0
  m_Size: {x: 1.3233334, y: 1.3333334}
  m_AdaptiveModeThreshold: 0.5
  m_SpriteTileMode: 0
  m_WasSpriteAssigned: 1
  m_MaskInteraction: 0
  m_SpriteSortPoint: 0
--- !u!60 &4056967105757596328
PolygonCollider2D:
  m_ObjectHideFlags: 0
  m_CorrespondingSourceObject: {fileID: 0}
  m_PrefabInstance: {fileID: 0}
  m_PrefabAsset: {fileID: 0}
  m_GameObject: {fileID: 4056967105757596322}
  m_Enabled: 1
  m_Density: 1
  m_Material: {fileID: 0}
  m_IsTrigger: 0
  m_UsedByEffector: 0
  m_UsedByComposite: 0
  m_Offset: {x: 0, y: 0}
  m_SpriteTilingProperty:
    border: {x: 0, y: 0, z: 0, w: 0}
    pivot: {x: 0.5, y: 0.5}
    oldSize: {x: 1.3233334, y: 1.3333334}
    newSize: {x: 1.3233334, y: 1.3333334}
    adaptiveTilingThreshold: 0.5
    drawMode: 0
    adaptiveTiling: 0
  m_AutoTiling: 0
  m_Points:
    m_Paths:
    - - {x: 0.58833337, y: -0.6}
      - {x: 0.6116667, y: -0.5733333}
      - {x: 0.5916667, y: -0.49}
      - {x: 0.5416667, y: -0.45333335}
      - {x: 0.53833336, y: -0.33333334}
      - {x: 0.56166667, y: -0.27}
      - {x: 0.595, y: -0.22333334}
      - {x: 0.635, y: -0.19}
      - {x: 0.6616667, y: -0.14333333}
      - {x: 0.6616667, y: -0.023333333}
      - {x: 0.65500003, y: -0.0033333334}
      - {x: 0.6416667, y: 0.026666667}
      - {x: 0.595, y: 0.13333334}
      - {x: 0.575, y: 0.22666667}
      - {x: 0.5783333, y: 0.28}
      - {x: 0.5783333, y: 0.34333333}
      - {x: 0.5916667, y: 0.4466667}
      - {x: 0.605, y: 0.45666668}
      - {x: 0.595, y: 0.49}
      - {x: 0.565, y: 0.49666667}
      - {x: 0.50166667, y: 0.5566667}
      - {x: 0.49166667, y: 0.59333336}
      - {x: 0.46833333, y: 0.61333334}
      - {x: 0.45166668, y: 0.61}
      - {x: 0.43833333, y: 0.60333335}
      - {x: 0.36833334, y: 0.60333335}
      - {x: 0.34833333, y: 0.6066667}
      - {x: 0.28833333, y: 0.60333335}
      - {x: 0.23166667, y: 0.56333333}
      - {x: 0.185, y: 0.59000003}
      - {x: 0.12166667, y: 0.6666667}
      - {x: 0.075, y: 0.6666667}
      - {x: 0.021666666, y: 0.6333333}
      - {x: -0.031666666, y: 0.6333333}
      - {x: -0.05166667, y: 0.62666667}
      - {x: -0.155, y: 0.52000004}
      - {x: -0.215, y: 0.53333336}
      - {x: -0.26500002, y: 0.50666666}
      - {x: -0.3216667, y: 0.47}
      - {x: -0.33833334, y: 0.45666668}
      - {x: -0.36833334, y: 0.3866667}
      - {x: -0.4116667, y: 0.35333335}
      - {x: -0.39833334, y: 0.32333335}
      - {x: -0.35500002, y: 0.29333335}
      - {x: -0.39833334, y: 0.3}
      - {x: -0.405, y: 0.29333335}
      - {x: -0.41833335, y: 0.18}
      - {x: -0.455, y: 0.15666667}
      - {x: -0.535, y: 0.13000001}
      - {x: -0.615, y: 0.09}
      - {x: -0.6616667, y: 0.07333334}
      - {x: -0.6616667, y: -0.053333335}
      - {x: -0.625, y: -0.07666667}
      - {x: -0.545, y: -0.083333336}
      - {x: -0.47166666, y: -0.083333336}
      - {x: -0.42833334, y: -0.12666667}
      - {x: -0.405, y: -0.18}
      - {x: -0.33833334, y: -0.23333333}
      - {x: -0.26500002, y: -0.27}
      - {x: -0.21166667, y: -0.32}
      - {x: -0.185, y: -0.42666668}
      - {x: -0.14500001, y: -0.43}
      - {x: -0.115, y: -0.46}
      - {x: -0.09833334, y: -0.46}
      - {x: 0.008333334, y: -0.43666667}
      - {x: 0.108333334, y: -0.48333335}
      - {x: 0.185, y: -0.5233334}
      - {x: 0.25833333, y: -0.57}
      - {x: 0.27833334, y: -0.6166667}
      - {x: 0.2916667, y: -0.6433334}
      - {x: 0.335, y: -0.6666667}
      - {x: 0.38833335, y: -0.6666667}
      - {x: 0.41833335, y: -0.65333337}
      - {x: 0.46166667, y: -0.66}
      - {x: 0.505, y: -0.63}
--- !u!114 &4056967105757596329
MonoBehaviour:
  m_ObjectHideFlags: 0
  m_CorrespondingSourceObject: {fileID: 0}
  m_PrefabInstance: {fileID: 0}
  m_PrefabAsset: {fileID: 0}
  m_GameObject: {fileID: 4056967105757596322}
  m_Enabled: 1
  m_EditorHideFlags: 0
  m_Script: {fileID: 11500000, guid: 9b91ecbcc199f4492b9a91e820070131, type: 3}
  m_Name: 
  m_EditorClassIdentifier: 
  sceneId: 0
  _assetId: 0
  serverOnly: 0
  visible: 0
  hasSpawned: 0
--- !u!114 &4056967105757596334
MonoBehaviour:
  m_ObjectHideFlags: 0
  m_CorrespondingSourceObject: {fileID: 0}
  m_PrefabInstance: {fileID: 0}
  m_PrefabAsset: {fileID: 0}
  m_GameObject: {fileID: 4056967105757596322}
  m_Enabled: 1
  m_EditorHideFlags: 0
  m_Script: {fileID: 11500000, guid: 7c0f7181118f21c4388d8efee7ed50e2, type: 3}
  m_Name: 
  m_EditorClassIdentifier: 
  syncDirection: 0
  syncMode: 0
  syncInterval: 0.1
  currentPhase: 0
  spawnPoint: {fileID: 4056967106507759279}
  player: {fileID: 0}
  captured: 0
  isBase: 0
  pc2d: {fileID: 0}
  neighbours: []
  territoryColor: {r: 0, g: 0, b: 0, a: 0}
--- !u!114 &4056967105757596335
MonoBehaviour:
  m_ObjectHideFlags: 0
  m_CorrespondingSourceObject: {fileID: 0}
  m_PrefabInstance: {fileID: 0}
  m_PrefabAsset: {fileID: 0}
  m_GameObject: {fileID: 4056967105757596322}
  m_Enabled: 1
  m_EditorHideFlags: 0
  m_Script: {fileID: 11500000, guid: 5d17e718851449a6879986e45c458fb7, type: 3}
  m_Name: 
  m_EditorClassIdentifier: 
  syncDirection: 0
  syncMode: 0
  syncInterval: 0.1
--- !u!1 &4056967106507759279
GameObject:
  m_ObjectHideFlags: 0
  m_CorrespondingSourceObject: {fileID: 0}
  m_PrefabInstance: {fileID: 0}
  m_PrefabAsset: {fileID: 0}
  serializedVersion: 6
  m_Component:
  - component: {fileID: 4056967106507759278}
  m_Layer: 0
  m_Name: SpawnPoint
  m_TagString: Untagged
  m_Icon: {fileID: 0}
  m_NavMeshLayer: 0
  m_StaticEditorFlags: 0
  m_IsActive: 1
--- !u!4 &4056967106507759278
Transform:
  m_ObjectHideFlags: 0
  m_CorrespondingSourceObject: {fileID: 0}
  m_PrefabInstance: {fileID: 0}
  m_PrefabAsset: {fileID: 0}
  m_GameObject: {fileID: 4056967106507759279}
  m_LocalRotation: {x: 0, y: 0, z: 0, w: 1}
  m_LocalPosition: {x: 0, y: 0, z: 0}
  m_LocalScale: {x: 1, y: 1, z: 1}
  m_ConstrainProportionsScale: 0
  m_Children: []
  m_Father: {fileID: 4056967105757596332}
  m_RootOrder: 0
  m_LocalEulerAnglesHint: {x: 0, y: 0, z: 0}
