%YAML 1.1
%TAG !u! tag:unity3d.com,2011:
--- !u!1 &6816134967231736749
GameObject:
  m_ObjectHideFlags: 0
  m_CorrespondingSourceObject: {fileID: 0}
  m_PrefabInstance: {fileID: 0}
  m_PrefabAsset: {fileID: 0}
  serializedVersion: 6
  m_Component:
  - component: {fileID: 6816134967231736750}
  m_Layer: 0
  m_Name: SpawnPoint
  m_TagString: Untagged
  m_Icon: {fileID: 0}
  m_NavMeshLayer: 0
  m_StaticEditorFlags: 0
  m_IsActive: 1
--- !u!4 &6816134967231736750
Transform:
  m_ObjectHideFlags: 0
  m_CorrespondingSourceObject: {fileID: 0}
  m_PrefabInstance: {fileID: 0}
  m_PrefabAsset: {fileID: 0}
  m_GameObject: {fileID: 6816134967231736749}
  m_LocalRotation: {x: 0, y: 0, z: 0, w: 1}
  m_LocalPosition: {x: 0, y: 0, z: 0}
  m_LocalScale: {x: 1, y: 1, z: 1}
  m_ConstrainProportionsScale: 0
  m_Children: []
  m_Father: {fileID: 6816134968665355683}
  m_RootOrder: 0
  m_LocalEulerAnglesHint: {x: 0, y: 0, z: 0}
--- !u!1 &6816134968665355681
GameObject:
  m_ObjectHideFlags: 0
  m_CorrespondingSourceObject: {fileID: 0}
  m_PrefabInstance: {fileID: 0}
  m_PrefabAsset: {fileID: 0}
  serializedVersion: 6
  m_Component:
  - component: {fileID: 6816134968665355683}
  - component: {fileID: 6816134968665355682}
  - component: {fileID: 6816134968665355687}
  - component: {fileID: 6816134968665355686}
  - component: {fileID: 6816134968665355685}
  - component: {fileID: 6816134968665355684}
  m_Layer: 0
  m_Name: TerritoireGauche2
  m_TagString: Territory
  m_Icon: {fileID: 0}
  m_NavMeshLayer: 0
  m_StaticEditorFlags: 0
  m_IsActive: 1
--- !u!4 &6816134968665355683
Transform:
  m_ObjectHideFlags: 0
  m_CorrespondingSourceObject: {fileID: 0}
  m_PrefabInstance: {fileID: 0}
  m_PrefabAsset: {fileID: 0}
  m_GameObject: {fileID: 6816134968665355681}
  m_LocalRotation: {x: 0, y: 0, z: 0, w: 1}
  m_LocalPosition: {x: -2.7871802, y: -0.43662542, z: 0}
  m_LocalScale: {x: 1, y: 1, z: 1}
  m_ConstrainProportionsScale: 0
  m_Children:
  - {fileID: 6816134967231736750}
  m_Father: {fileID: 0}
  m_RootOrder: 0
  m_LocalEulerAnglesHint: {x: 0, y: 0, z: 0}
--- !u!212 &6816134968665355682
SpriteRenderer:
  m_ObjectHideFlags: 0
  m_CorrespondingSourceObject: {fileID: 0}
  m_PrefabInstance: {fileID: 0}
  m_PrefabAsset: {fileID: 0}
  m_GameObject: {fileID: 6816134968665355681}
  m_Enabled: 1
  m_CastShadows: 0
  m_ReceiveShadows: 0
  m_DynamicOccludee: 1
  m_StaticShadowCaster: 0
  m_MotionVectors: 1
  m_LightProbeUsage: 1
  m_ReflectionProbeUsage: 1
  m_RayTracingMode: 0
  m_RayTraceProcedural: 0
  m_RenderingLayerMask: 1
  m_RendererPriority: 0
  m_Materials:
  - {fileID: 10754, guid: 0000000000000000f000000000000000, type: 0}
  m_StaticBatchInfo:
    firstSubMesh: 0
    subMeshCount: 0
  m_StaticBatchRoot: {fileID: 0}
  m_ProbeAnchor: {fileID: 0}
  m_LightProbeVolumeOverride: {fileID: 0}
  m_ScaleInLightmap: 1
  m_ReceiveGI: 1
  m_PreserveUVs: 0
  m_IgnoreNormalsForChartDetection: 0
  m_ImportantGI: 0
  m_StitchLightmapSeams: 1
  m_SelectedEditorRenderState: 0
  m_MinimumChartSize: 4
  m_AutoUVMaxDistance: 0.5
  m_AutoUVMaxAngle: 89
  m_LightmapParameters: {fileID: 0}
  m_SortingLayerID: 0
  m_SortingLayer: 0
  m_SortingOrder: 1
  m_Sprite: {fileID: 21300000, guid: a641d10fdc7d18f4f98484438a2a751e, type: 3}
  m_Color: {r: 1, g: 1, b: 1, a: 1}
  m_FlipX: 0
  m_FlipY: 0
  m_DrawMode: 0
  m_Size: {x: 0.66, y: 1.005}
  m_AdaptiveModeThreshold: 0.5
  m_SpriteTileMode: 0
  m_WasSpriteAssigned: 1
  m_MaskInteraction: 0
  m_SpriteSortPoint: 0
--- !u!60 &6816134968665355687
PolygonCollider2D:
  m_ObjectHideFlags: 0
  m_CorrespondingSourceObject: {fileID: 0}
  m_PrefabInstance: {fileID: 0}
  m_PrefabAsset: {fileID: 0}
  m_GameObject: {fileID: 6816134968665355681}
  m_Enabled: 1
  m_Density: 1
  m_Material: {fileID: 0}
  m_IsTrigger: 0
  m_UsedByEffector: 0
  m_UsedByComposite: 0
  m_Offset: {x: 0, y: 0}
  m_SpriteTilingProperty:
    border: {x: 0, y: 0, z: 0, w: 0}
    pivot: {x: 0.5, y: 0.5}
    oldSize: {x: 0.66, y: 1.005}
    newSize: {x: 0.66, y: 1.005}
    adaptiveTilingThreshold: 0.5
    drawMode: 0
    adaptiveTiling: 0
  m_AutoTiling: 0
  m_Points:
    m_Paths:
    - - {x: -0.067499995, y: -0.36499998}
      - {x: -0.074999996, y: -0.305}
      - {x: -0.095, y: -0.2375}
      - {x: -0.114999995, y: -0.12}
      - {x: -0.11, y: -0.0625}
      - {x: -0.067499995, y: -0.02}
      - {x: -0.022499999, y: 0.0075}
      - {x: 0.044999998, y: 0.005}
      - {x: 0.1175, y: 0.005}
      - {x: 0.1575, y: 0.0075}
      - {x: 0.1875, y: 0.015}
      - {x: 0.21249999, y: 0.03}
      - {x: 0.22749999, y: 0.0475}
      - {x: 0.22999999, y: 0.06}
      - {x: 1.6257327, y: -0.38371056}
      - {x: 0.195, y: 0.1175}
      - {x: 0.175, y: 0.1275}
      - {x: 0.099999994, y: 0.13499999}
      - {x: 0.0725, y: 0.1475}
      - {x: 0.0425, y: 0.17}
      - {x: 0.022499999, y: 0.17999999}
      - {x: 0.005, y: 0.21}
      - {x: 0.015, y: 0.2725}
      - {x: 0.044999998, y: 0.305}
      - {x: 0.0775, y: 0.3425}
      - {x: 0.085, y: 0.345}
      - {x: 0.122499995, y: 0.355}
      - {x: 0.185, y: 0.3425}
      - {x: 0.25, y: 0.33499998}
      - {x: 0.29749998, y: 0.345}
      - {x: 0.3175, y: 0.3575}
      - {x: 0.32999998, y: 0.3725}
      - {x: 0.32999998, y: 0.4075}
      - {x: 1.1053993, y: 0.60359854}
      - {x: 0.29, y: 0.45999998}
      - {x: 0.2575, y: 0.475}
      - {x: 0.22999999, y: 0.5}
      - {x: 0.2225, y: 0.5025}
      - {x: 0.1725, y: 0.5025}
      - {x: 0.1475, y: 0.48749998}
      - {x: 0.114999995, y: 0.48}
      - {x: 0.07, y: 0.4775}
      - {x: 0.06, y: 0.475}
      - {x: 0.012499999, y: 0.45499998}
      - {x: -0.02, y: 0.44}
      - {x: -0.0725, y: 0.4375}
      - {x: -0.089999996, y: 0.4175}
      - {x: -0.099999994, y: 0.39999998}
      - {x: -0.13, y: 0.36499998}
      - {x: -0.1475, y: 0.33249998}
      - {x: -0.16749999, y: 0.3275}
      - {x: -0.225, y: 0.29999998}
      - {x: -0.2525, y: 0.29749998}
      - {x: -0.285, y: 0.285}
      - {x: -0.285, y: 0.21}
      - {x: -0.2925, y: 0.17}
      - {x: -0.315, y: 0.122499995}
      - {x: -0.32999998, y: 0.08}
      - {x: -0.32999998, y: 0}
      - {x: -0.3125, y: -0.022499999}
      - {x: -0.2925, y: -0.0775}
      - {x: -0.30249998, y: -0.1325}
      - {x: -0.315, y: -0.235}
      - {x: -0.3175, y: -0.265}
      - {x: -0.3175, y: -0.3125}
      - {x: -0.31, y: -0.38}
      - {x: -0.305, y: -0.405}
      - {x: -0.285, y: -0.46249998}
      - {x: -0.26749998, y: -0.475}
      - {x: -0.22999999, y: -0.48999998}
      - {x: -0.21, y: -0.5025}
      - {x: -0.16499999, y: -0.5025}
      - {x: -0.155, y: -0.5}
      - {x: -0.1275, y: -0.48749998}
      - {x: -0.0775, y: -0.42499998}
--- !u!114 &6816134968665355686
MonoBehaviour:
  m_ObjectHideFlags: 0
  m_CorrespondingSourceObject: {fileID: 0}
  m_PrefabInstance: {fileID: 0}
  m_PrefabAsset: {fileID: 0}
  m_GameObject: {fileID: 6816134968665355681}
  m_Enabled: 1
  m_EditorHideFlags: 0
  m_Script: {fileID: 11500000, guid: 9b91ecbcc199f4492b9a91e820070131, type: 3}
  m_Name: 
  m_EditorClassIdentifier: 
  sceneId: 0
  _assetId: 437506315
  serverOnly: 0
  visible: 0
  hasSpawned: 0
--- !u!114 &6816134968665355685
MonoBehaviour:
  m_ObjectHideFlags: 0
  m_CorrespondingSourceObject: {fileID: 0}
  m_PrefabInstance: {fileID: 0}
  m_PrefabAsset: {fileID: 0}
  m_GameObject: {fileID: 6816134968665355681}
  m_Enabled: 1
  m_EditorHideFlags: 0
  m_Script: {fileID: 11500000, guid: 7c0f7181118f21c4388d8efee7ed50e2, type: 3}
  m_Name: 
  m_EditorClassIdentifier: 
  syncDirection: 0
  syncMode: 0
  syncInterval: 0.1
  currentPhase: 0
  spawnPoint: {fileID: 6816134967231736749}
  player: {fileID: 0}
  captured: 0
  isBase: 0
  pc2d: {fileID: 0}
  neighbours: []
  territoryColor: {r: 0, g: 0, b: 0, a: 0}
--- !u!114 &6816134968665355684
MonoBehaviour:
  m_ObjectHideFlags: 0
  m_CorrespondingSourceObject: {fileID: 0}
  m_PrefabInstance: {fileID: 0}
  m_PrefabAsset: {fileID: 0}
  m_GameObject: {fileID: 6816134968665355681}
  m_Enabled: 1
  m_EditorHideFlags: 0
  m_Script: {fileID: 11500000, guid: 5d17e718851449a6879986e45c458fb7, type: 3}
  m_Name: 
  m_EditorClassIdentifier: 
  syncDirection: 0
  syncMode: 0
  syncInterval: 0.1
